@misc{MiOIB,
  title={Materiały do wykładu ,,{M}etaheurystyki i Obliczenia Inspirwane Biologicznie''},
  author={Maciej Komosiński},
  year={2014},
  howpublished={Lecture notes}
}

@book{Goldberg-2002,
  title={The Design of Innovation: Lessons from and for Competent Genetic Algorithms},
  author={Goldberg, D. E.},
  year={2002},
  publisher={Kluwer Academic Publishers}
}

@misc{WikiDash,
  author = "Wikipedia",
  title = "Dash -- Wikipedia{,} The Free Encyclopedia",
	note = {\url{http://en.wikipedia.org/wiki/Dash}},
  year = "2014"
}

@misc{GnuplotDemos,
  author = "Developers of gnuplot",
  title = "gnuplot demo plots",
	note = {\url{http://www.gnuplot.info/screenshots/index.html#demos}},
  year = "2011"
}

@article{graphviz,
    author = {Emden R. Gansner and Stephen C. North},
    title = {An open graph visualization system and its applications to software engineering},
    journal = {Software -- practice and experience},
    year = {2000},
    volume = {30},
    number = {11},
    pages = {1203--1233},
    url = {https://www.graphviz.org/}
}

@article{fcn,
author={J. Long and E. Shelhamer and T. Darrell},
booktitle={2015 IEEE Conference on Computer Vision and Pattern Recognition (CVPR)},
title={Fully convolutional networks for semantic segmentation},
year={2015},
volume={},
number={},
pages={3431-3440},
keywords={image classification;image segmentation;inference mechanisms;learning (artificial intelligence);NYUDv2;PASCAL VOC;SIFT flow;contemporary classification networks;fully convolutional networks;inference;learning;pixels-to-pixels;semantic segmentation;visual models;Adaptation models;Computer architecture;Convolution;Deconvolution;Image segmentation;Semantics;Training},
doi={10.1109/CVPR.2015.7298965},
ISSN={1063-6919},
month={June},}
